@manual{ArmPerfAnalyses,
  title={Arm Neoverse N1 Core: Performance Analysis Methodology},
  author={Arm Ltd.},
  volume={34},
  year={2021},
  publisher={Arm Ltd.}
}

@manual{KernelDocsCapacity,
  title={Capacity Aware Scheduling},
  year={2024},
  Note = {\url{https://docs.kernel.org/scheduler/sched-capacity.html}},
  author={Linux Kernel Documentation},
}

@manual{CortexA77Docs,
  title={Cortex A77 Documentation},
  year={2020},
  Note = {\url{https://en.wikichip.org/wiki/arm_holdings/microarchitectures/cortex-a77}},
  author={Cortex A77 Overview},
}

@inproceedings{clapp2015quantifying,
  title={Quantifying the performance impact of memory latency and bandwidth for big data workloads},
  author={Clapp, Russell and Dimitrov, Martin and Kumar, Karthik and Viswanathan, Vish and Willhalm, Thomas},
  booktitle={2015 IEEE International Symposium on Workload Characterization},
  pages={213--224},
  year={2015},
  organization={IEEE}
}

@inproceedings{keramidas2010interval,
  title={Interval-based models for run-time DVFS orchestration in superscalar processors},
  author={Keramidas, Georgios and Spiliopoulos, Vasileios and Kaxiras, Stefanos},
  booktitle={Proceedings of the 7th ACM international conference on Computing frontiers},
  pages={287--296},
  year={2010}
}

@inproceedings{eyerman2022dram,
  title={DRAM bandwidth and latency stacks: Visualizing DRAM bottlenecks},
  author={Eyerman, Stijn and Heirman, Wim and Hur, Ibrahim},
  booktitle={2022 IEEE International Symposium on Performance Analysis of Systems and Software (ISPASS)},
  pages={322--331},
  year={2022},
  organization={IEEE}
}

@inproceedings{david2011memory,
  title={Memory power management via dynamic voltage/frequency scaling},
  author={David, Howard and Fallin, Chris and Gorbatov, Eugene and Hanebutte, Ulf R and Mutlu, Onur},
  booktitle={Proceedings of the 8th ACM international conference on Autonomic computing},
  pages={31--40},
  year={2011}
}

@manual{gem52017ArchExpl,
  title={Architectural Exploration with gem5},
  year={2017},
  Note = {\url{https://www.gem5.org/assets/files/ASPLOS2017_gem5_tutorial.pdf}},
  author={Andreas, Sandberg and Stephan, Diestelhorst and William, Wang},
}

@manual{KernelDocsSchedutil,
  title={Schedutil},
  year={2013},
  Note = {\url{https://docs.kernel.org/scheduler/schedutil.html}},
  author={Linux Kernel Documentation},
}

@manual{QualcommWALT,
  title={WALT vs PELT : Redux},
  year={2017},
  Note = {\url{https://static.linaro.org/connect/sfo17/Presentations/SFO17-307%20WALT%20vs%20PELT.pdf}},
  author={Qualcomm Technologies, Inc},
}

@manual{KernelCPUfreq,
  title={Linux CPUfreq governors},
  year={2008},
  Note = {\url{https://www.kernel.org/doc/Documentation/cpu-freq/governors.txt}},
  author={Linux Kernel Documentation},
}

@article{binkert2011gem5,
  title={The gem5 simulator},
  author={Binkert, Nathan and Beckmann, Bradford and Black, Gabriel and Reinhardt, Steven K and Saidi, Ali and Basu, Arkaprava and Hestness, Joel and Hower, Derek R and Krishna, Tushar and Sardashti, Somayeh and others},
  journal={ACM SIGARCH computer architecture news},
  volume={39},
  number={2},
  pages={1--7},
  year={2011},
  publisher={ACM New York, NY, USA}
}

@manual{gem52017HPI,
  title={System Modeling using gem5},
  year={2017},
  Note = {\url{https://old.gem5.org/wiki/images/c/cf/Summit2017_starterkit.pdf}},
  author={Ashkan Tousi | Arm Research},
}
